@misc{thread,
    title     = "C++ threads",
    howpublished = "\url{http://en.cppreference.com/w/cpp/thread}",
	note = {[accessed 05 Feb 2018]}
}

@misc{fastflow,
	title     = "FastFlow framework tutorial",
	howpublished = "\url{http://calvados.di.unipi.it/storage/tutorial/fftutorial.pdf}",
	note = {[accessed 05 Feb 2018]}
}

